<collection xmlns="http://www.loc.gov/MARC21/slim">
<record>
  <leader>01526nam0a22002771i 450 </leader>
  <controlfield tag="001">IT\ICCU\CNCE\027776</controlfield>
  <controlfield tag="005">20100526000000.0</controlfield>
  <datafield tag="012" ind1=" " ind2=" ">
    <subfield code="a">a-er 29so ,&amp;i. ildi (3) 1586 (R)</subfield>
    <subfield code="2">fei</subfield>
  </datafield>
  <datafield tag="100" ind1=" " ind2=" ">
    <subfield code="a">19971030d1586        0itac0103    ba</subfield>
  </datafield>
  <datafield tag="101" ind1=" " ind2=" ">
    <subfield code="a">ITA</subfield>
  </datafield>
  <datafield tag="102" ind1=" " ind2=" ">
    <subfield code="a">IT</subfield>
  </datafield>
  <datafield tag="200" ind1="1" ind2=" ">
    <subfield code="a">Terza parte delle meditazioni di diuersi dottori di s. Chiesa, nouamente tradotte, e corrette dal r.p.f. Nicol ̣Aurifico Buonfigli senese carmelitano. Di nuouo poste in luce. Et questo e il terzo grado della Scala Spirituale</subfield>
  </datafield>
  <datafield tag="210" ind1=" " ind2=" ">
    <subfield code="a">In Venetia</subfield>
    <subfield code="c">appresso i Gioliti</subfield>
    <subfield code="d">1586</subfield>
  </datafield>
  <datafield tag="215" ind1=" " ind2=" ">
    <subfield code="a">\24!, 503, \1! p.</subfield>
    <subfield code="d">12ʻ</subfield>
  </datafield>
  <datafield tag="620" ind1=" " ind2=" ">
    <subfield code="a">IT</subfield>
    <subfield code="d">Venezia</subfield>
  </datafield>
  <datafield tag="702" ind1=" " ind2="1">
    <subfield code="a">Bonfigli,</subfield>
    <subfield code="b"></subfield>
    <subfield code="3">IT\ICCU\CNCA\001857</subfield>
  </datafield>
  <datafield tag="712" ind1="0" ind2="0">
    <subfield code="a">Giolito De Ferrari, Giovanni &lt;2.&gt; &amp; Giolito De Ferrari, Giovanni Paolo</subfield>
    <subfield code="3">IT\ICCU\CNCT\002436</subfield>
    <subfield code="4">650</subfield>
  </datafield>
  <datafield tag="790" ind1=" " ind2="1">
    <subfield code="a">Buonfigli,</subfield>
    <subfield code="b"></subfield>
    <subfield code="3">IT\ICCU\CNCA\005741</subfield>
    <subfield code="z"></subfield>
  </datafield>
  <datafield tag="790" ind1=" " ind2="1">
    <subfield code="a">Aurifico,</subfield>
    <subfield code="b"></subfield>
    <subfield code="3">IT\ICCU\CNCA\008105</subfield>
    <subfield code="z"></subfield>
  </datafield>
  <datafield tag="790" ind1=" " ind2="1">
    <subfield code="a">Nicolaus Aurificus,</subfield>
    <subfield code="b">Bonfilius</subfield>
    <subfield code="3">IT\ICCU\CNCA\014767</subfield>
    <subfield code="z"></subfield>
  </datafield>
  <datafield tag="790" ind1=" " ind2="0">
    <subfield code="a">Nicolaus</subfield>
    <subfield code="c"> : Aurificus</subfield>
    <subfield code="3">IT\ICCU\CNCA\014768</subfield>
    <subfield code="z"></subfield>
  </datafield>
  <datafield tag="790" ind1=" " ind2="0">
    <subfield code="a">Nicolaus</subfield>
    <subfield code="c"> : de#Bonfilis</subfield>
    <subfield code="3">IT\ICCU\CNCA\014769</subfield>
    <subfield code="z"></subfield>
  </datafield>
  <datafield tag="791" ind1="0" ind2="0">
    <subfield code="a">Giolito De Ferrari, Giovanni Paolo</subfield>
    <subfield code="3">IT\ICCU\CNCT\000849</subfield>
    <subfield code="z">Giolito De Ferrari, Giovanni &lt;2.&gt; &amp; Giolito De Ferrari, Giovanni Paolo</subfield>
  </datafield>
  <datafield tag="801" ind1=" " ind2="3">
    <subfield code="a">IT</subfield>
    <subfield code="b">ICCU</subfield>
    <subfield code="c">20201114</subfield>
  </datafield>
  <datafield tag="899" ind1=" " ind2=" ">
    <subfield code="a">Biblioteca del Palazzo vescovile. Avellino</subfield>
    <subfield code="z">MUTILO</subfield>
    <subfield code="1">AV0159</subfield>
    <subfield code="2">ZAV 05</subfield>
  </datafield>
  <datafield tag="899" ind1=" " ind2=" ">
    <subfield code="a">Biblioteca statale del Monumento nazionale di Casamari. Veroli</subfield>
    <subfield code="z">MUTILO</subfield>
    <subfield code="1">FR0073</subfield>
    <subfield code="2">BVE CA</subfield>
  </datafield>
</record>
</collection>
